@article{matsuo2007planetary,
  title={Planetary formation scenarios revisited: Core-accretion versus disk instability},
  author={Matsuo, Taro and Shibai, H and Ootsubo, T and Tamura, M},
  journal={The Astrophysical Journal},
  volume={662},
  number={2},
pages={1282},
  year={2007},
  publisher={IOP Publishing}
}

@article{mayor1995jupiter,
  title={A Jupiter-mass companion to a solar-type star},
  author={Mayor, Michel and Queloz, Didier},
  journal={Nature},
  volume={378},
  number={6555},
  pages={355},
  year={1995},
  publisher={Nature Publishing Group}
}

@article{guillot2014giant,
  title={Giant planets},
  author={Guillot, Tristan and Gautier, Daniel},
  journal={arXiv preprint arXiv:1405.3752},
  year={2014}
}

@article{ida1992n,
  title={N-body simulation of gravitational interaction between planetesimals and a protoplanet: I. Velocity distribution of planetesimals},
  author={Ida, Shigeru and Makino, Junichiro},
  journal={Icarus},
  volume={96},
  number={1},
  pages={107--120},
  year={1992},
  publisher={Elsevier}
}

@article{rafikov2006atmospheres,
  title={Atmospheres of protoplanetary cores: critical mass for nucleated instability},
  author={Rafikov, Roman R},
  journal={The Astrophysical Journal},
  volume={648},
  number={1},
  pages={666},
  year={2006},
  publisher={IOP Publishing}
}

@article{menou2004low,
  title={Low-mass protoplanet migration in T Tauri $\alpha$-disks},
  author={Menou, Kristen and Goodman, Jeremy},
  journal={The Astrophysical Journal},
  volume={606},
  number={1},
  pages={520},
  year={2004},
  publisher={IOP Publishing}
}

@article{ikoma2000formation,
  title={Formation of giant planets: dependences on core accretion rate and grain opacity},
  author={Ikoma, Masahiro and Nakazawa, Kiyoshi and Emori, Hiroyuki},
  journal={The Astrophysical Journal},
  volume={537},
  number={2},
  pages={1013},
  year={2000},
  publisher={IOP Publishing}
}


@article{lissauer1993planet,
  title={Planet formation},
  author={Lissauer, Jack J},
  journal={Annual review of astronomy and astrophysics},
  volume={31},
  number={1},
  pages={129--172},
  year={1993},
  publisher={Annual Reviews 4139 El Camino Way, PO Box 10139, Palo Alto, CA 94303-0139, USA}
}

@article{terquem2000disks,
  title={Disks, extrasolar planets and migration},
  author={Terquem, Caroline and Papaloizou, John CB and Nelson, Richard P},
  journal={Space Science Reviews},
  volume={92},
  number={1-2},
  pages={323--340},
  year={2000},
  publisher={Springer}
}

@article{bouvier2002theory,
  title={Theory of turbulent accretion disks},
  author={Bouvier, J and Zahn, J-P and Terquem, CEJMLJ},
  journal={European Astronomical Society Publications Series},
  volume={3},
  pages={203--228},
  year={2002},
  publisher={EDP Sciences}
}

@article{lubow1999disk,
  title={Disk accretion onto high-mass planets},
  author={Lubow, SH and Seibert, M and Artymowicz, P},
  journal={The Astrophysical Journal},
  volume={526},
  number={2},
  pages={1001},
  year={1999},
  publisher={IOP Publishing}
}

@article{baraffe2009physical,
  title={The physical properties of extra-solar planets},
  author={Baraffe, Isabelle and Chabrier, Gilles and Barman, Travis},
  journal={Reports on Progress in Physics},
  volume={73},
  number={1},
  pages={016901},
  year={2009},
  publisher={IOP Publishing}
}

@article{kley2012planet,
  title={Planet-disk interaction and orbital evolution},
  author={Kley, W and Nelson, RP},
  journal={Annual Review of Astronomy and Astrophysics},
  volume={50},
  pages={211--249},
  year={2012},
  publisher={Annual Reviews}
}

@article{ward1997protoplanet,
  title={Protoplanet migration by nebula tides},
  author={Ward, William R},
  journal={Icarus},
  volume={126},
  number={2},
  pages={261--281},
  year={1997},
  publisher={Elsevier}
}

@article{safronov1972evolution,
  title={Evolution of the protoplanetary cloud and formation of the earth and planets.},
  author={Safronov, Viktor Sergeevich},
  journal={Evolution of the protoplanetary cloud and formation of the earth and planets., by Safronov, VS. Translated from Russian. Jerusalem (Israel): Israel Program for Scientific Translations, Keter Publishing House, 212 p.},
  year={1972}
}


@article{kokubo2012dynamics,
  title={Dynamics and accretion of planetesimals},
  author={Kokubo, Eiichiro and Ida, Shigeru},
  journal={Progress of Theoretical and Experimental Physics},
  volume={2012},
  number={1},
  year={2012},
  publisher={Oxford University Press}
}


@article{weidenschilling1977distribution,
  title={The distribution of mass in the planetary system and solar nebula},
  author={Weidenschilling, SJ},
  journal={Astrophysics and Space Science},
  volume={51},
  number={1},
  pages={153--158},
  year={1977},
  publisher={Springer}
}

@article{fulton2017california,
  title={The California-Kepler survey. III. A gap in the radius distribution of small planets},
  author={Fulton, Benjamin J and Petigura, Erik A and Howard, Andrew W and Isaacson, Howard and Marcy, Geoffrey W and Cargile, Phillip A and Hebb, Leslie and Weiss, Lauren M and Johnson, John Asher and Morton, Timothy D and others},
  journal={The Astronomical Journal},
  volume={154},
  number={3},
  pages={109},
  year={2017},
  publisher={IOP Publishing}
}

@article{andrews2010protoplanetary,
  title={Protoplanetary disk structures in Ophiuchus. II. Extension to fainter sources},
  author={Andrews, Sean M and Wilner, DJ and Hughes, AM and Qi, Chunhua and Dullemond, CP},
  journal={The Astrophysical Journal},
  volume={723},
  number={2},
  pages={1241},
  year={2010},
  publisher={IOP Publishing}
}


@article{hayashi1981structure,
  title={Structure of the solar nebula, growth and decay of magnetic fields and effects of magnetic and turbulent viscosities on the nebula},
  author={Hayashi, Chushiro},
  journal={Progress of Theoretical Physics Supplement},
  volume={70},
  pages={35--53},
  year={1981},
  publisher={Oxford University Press}
}


@article{mordasini2009extrasolar,
  title={Extrasolar planet population synthesis-I. Method, formation tracks, and mass-distance distribution},
  author={Mordasini, Christoph and Alibert, Yann and Benz, Willy},
  journal={Astronomy \& Astrophysics},
  volume={501},
  number={3},
  pages={1139--1160},
  year={2009},
  publisher={EDP Sciences}
}


@article{howard2012planet,
  title={Planet occurrence within 0.25 AU of solar-type stars from Kepler},
  author={Howard, Andrew W and Marcy, Geoffrey W and Bryson, Stephen T and Jenkins, Jon M and Rowe, Jason F and Batalha, Natalie M and Borucki, William J and Koch, David G and Dunham, Edward W and Gautier III, Thomas N and others},
  journal={The Astrophysical Journal Supplement Series},
  volume={201},
  number={2},
  pages={15},
  year={2012},
  publisher={IOP Publishing}
}

@inproceedings{mamajek2009initial,
  title={Initial conditions of planet formation: lifetimes of primordial disks},
  author={Mamajek, Eric E},
  booktitle={AIP Conference Proceedings},
  volume={1158},
  number={1},
  pages={3--10},
  year={2009},
  organization={AIP}
}

@article{alibert2005models,
  title={Models of giant planet formation with migration and disc evolution},
  author={Alibert, Yann and Mordasini, Christoph and Benz, Willy and Winisdoerffer, Christophe},
  journal={Astronomy \& Astrophysics},
  volume={434},
  number={1},
  pages={343--353},
  year={2005},
  publisher={EDP Sciences}
}

@phdthesis{crida2006planetary,
  title={Planetary migration in Solar System formation},
  author={Crida, Aur{\'e}lien},
  year={2006},
  school={Universit{\'e} Nice Sophia Antipolis}
}

@article{mordasini2014grain,
  title={Grain opacity and the bulk composition of extrasolar planets-I. Results from scaling the ISM opacity},
  author={Mordasini, C and Klahr, H and Alibert, Y and Miller, N and Henning, Th},
  journal={Astronomy \& Astrophysics},
  volume={566},
  pages={A141},
  year={2014},
  publisher={EDP Sciences}
}

@article{goldreich1980disk,
  title={Disk-satellite interactions},
  author={Goldreich, Peter and Tremaine, Scott},
  journal={Astrophysical Journal},
  volume={241},
  number={1},
  pages={425--441},
  year={1980},
  publisher={American Astronomical Society}
}

@article{tsiganis2005origin,
  title={Origin of the orbital architecture of the giant planets of the Solar System},
  author={Tsiganis, Kleomeris and Gomes, R and Morbidelli, A and Levison, HF},
  journal={Nature},
  volume={435},
  number={7041},
  pages={459},
  year={2005},
  publisher={Nature Publishing Group}
}

@article{lodders2003solar,
  title={Solar system abundances and condensation temperatures of the elements},
  author={Lodders, Katharina},
  journal={The Astrophysical Journal},
  volume={591},
  number={2},
  pages={1220},
  year={2003},
  publisher={IOP Publishing}
}

@article{masset2007planetary,
  title={Planetary migration in gaseous protoplanetary disks},
  author={Masset, Fr{\'e}d{\'e}ric S},
  journal={Proceedings of the International Astronomical Union},
  volume={3},
  number={S249},
  pages={331--346},
  year={2007},
  publisher={Cambridge University Press}
}

@article{armitage2007lecture,
  title={Lecture notes on the formation and early evolution of planetary systems},
  author={Armitage, Philip J},
  journal={arXiv preprint astro-ph/0701485},
  year={2007}
}

@article{tanaka2002three,
  title={Three-dimensional interaction between a planet and an isothermal gaseous disk. I. Corotation and Lindblad torques and planet migration},
  author={Tanaka, Hidekazu and Takeuchi, Taku and Ward, William R},
  journal={The Astrophysical Journal},
  volume={565},
  number={2},
  pages={1257},
  year={2002},
  publisher={IOP Publishing}
}

@article{goupil2008planet,
  title={Planet--Disk Interactions},
  author={Goupil, M-J and Zahn, J-P and Masset, FS},
  journal={European Astronomical Society Publications Series},
  volume={29},
  pages={165--244},
  year={2008},
  publisher={EDP Sciences}
}

@article{mordasini2018planetary,
  title={Planetary population synthesis},
  author={Mordasini, Christoph},
  journal={arXiv preprint arXiv:1804.01532},
  year={2018}
}

@article{exoplanet.eu,
  title={Defining and cataloging exoplanets: the exoplanet. eu database},
  author={Schneider, Jean and Dedieu, Cyrill and Le Sidaner, Pierre and Savalle, Renaud and Zolotukhin, Ivan},
  journal={Astronomy \& Astrophysics},
  volume={532},
  pages={A79},
  year={2011},
  publisher={EDP Sciences}
}

@article{mayor2011harps,
  title={The HARPS search for southern extra-solar planets XXXIV. Occurrence, mass distribution and orbital properties of super-Earths and Neptune-mass planets},
  author={Mayor, Michel and Marmier, M and Lovis, Ch and Udry, S and S{\'e}gransan, D and Pepe, F and Benz, W and Bertaux, J-L and Bouchy, F and Dumusque, X and others},
  journal={arXiv preprint arXiv:1109.2497},
  year={2011}
}

@article{benz2014planet,
  title={Planet population synthesis},
  author={Benz, Willy and Ida, Shigeru and Alibert, Yann and Lin, DNC and Mordasini, Christoph},
  journal={arXiv preprint arXiv:1402.7086},
  year={2014}
}

@book{perryman2011exoplanet,
  title={The exoplanet handbook},
  author={Perryman, Michael},
  year={2011},
  publisher={Cambridge University Press}
}